@mastersthesis{autograder,
    author = {Furubotten, H.},
    title = {The autograder project: Improving software engineering skills through automated feedback on programming exercises},
    school = {University of Stavanger},
    year = {2015}
}

@thesis{reactjs,
    author = {Darvik, T. and Gliniecki, T.},
    title = {Building Autograder front-end with ReactJS},
    school = {University of Stavanger},
    year = {2016},
    type = {Bachelor's Thesis}
}

@thesis{redesign,
    author = {Brynildsen, A.B. and Lindhom, J.H. and Bjerga, M.},
    title = {Quickfeed: Redesigned Web Frontend},
    school = {University of Stavanger},
    year = {2021},
    type = {Bachelor's Thesis}
}

@thesis{grpc,
    author = {Urdal, D. and Yaseneva, V.},
    title = {Experience Report: Replacing REST with gRPC in Autograder},
    school = {University of Stavanger},
    year = {2019},
    type = {Bachelor's Thesis}
}

@online{webhook,
    author = "Atlassian",
    title = "Webhooks",
    url = "https://developer.atlassian.com/server/jira/platform/webhooks",
    addendum = "(accessed: 09.04.2022)"
}

@online{apps,
    Author = "GitHub",
    title = "About Apps",
    url = "https://docs.github.com/en/developers/apps/getting-started-with-apps/about-apps",
    addendum = "(accessed: 07.05.2022)"
}

@online{checks,
    Author = "GitHub",
    title = "Checks",
    url = "https://docs.github.com/en/rest/checks",
    addendum = "(accessed: 08.05.2022)"
}

@online{branches,
    Author = "GitHub",
    title = "About protected branches",
    url = "https://docs.github.com/en/repositories/configuring-branches-and-merges-in-your-repository/defining-the-mergeability-of-pull-requests/about-protected-branches",
    addendum = "(accessed: 08.05.2022)"
}

@report{adil,
    author = "Khurshid, A.",
    title = "Quickfeed Support for Feedback via Pull Requests and Issues",
    school = "University of Stavanger",
    year = "2021"
}

@online{protobuf,
    Author = "Google",
    title = "Protocol Buffers",
    url = "https://developers.google.com/protocol-buffers",
    addendum = "(accessed: 12.05.2022)"
}